%% biblatex bibliography
@Online{titra,
  author = {kromit GmbH},
  title  = {titra},
  url = {https://github.com/kromitgmbh/titra},
  urldate = {2024-01-20},
}
