%% bibliography
@misc{wiki:tz_list,
author = "{Wikipedia contributors}",
title = "List of tz database time zones --- {Wikipedia}{,} The Free Encyclopedia",
year = "2024",
url = "https://en.wikipedia.org/w/index.php?title=List_of_tz_database_time_zones&oldid=1246415064",
note = "[Online; accessed 26-October-2024]"}

@misc{cpp:strftime,
author = {CPP Reference},
title = {std::strftime},
year = {2024},
url = {https://en.cppreference.com/mwiki/index.php?title=cpp/chrono/c/strftime&oldid=161518},
note = {[Online; accessed 26-October-2024]}}