%% biblatex bibliography
@Online{titra,
  author = {kromit GmbH},
  title  = {titra},
  url = {https://github.com/kromitgmbh/titra},
  urldate = {2024-01-20},
}

@Online{hyprland,
  author = {Hyprland development team},
  title = {Hyprland},
  url = {https://github.com/hyprwm/Hyprland},
  urldate = {2024-01-21},
}